@book{KnuthV2,
  author = {D. E. Knuth},
  title = {{The Art of Computer Programming. 
                   Volume 2: Seminumerical Algorithms}},
  publisher = {{Addison-Wesley}},
  year = 1969
}

@book{AppCrypto,
 author = {Schneier, Bruce},
 title = {Applied Cryptography (2Nd Ed.): Protocols, Algorithms, and Source Code in C},
 year = {1995},
 isbn = {0-471-11709-9},
 publisher = {John Wiley \& Sons, Inc.},
 address = {New York, NY, USA}
} 

@misc{Press,
    author = {William H. Press and Saul A. Teukolsky and William T. Vetterling and Brian P. Flannery},
    title = {Numerical {R}ecipes in {C}: {T}he {A}rt of {S}cientific {C}omputing. {S}econd {E}dition},
    year = {1992},
    note = {Интерес представлява глава 7 - Случайни числа.}
}

@Book{kstest,
 author = {Hazewinkel, Michiel},
 title = {Encyclopaedia of mathematics : an updated and annotated translation of the Soviet ``Mathematical encyclopaedia''},
 publisher = {Reidel Sold and distributed in the U.S.A. and Canada by Kluwer Academic Publishers},
 year = {1988},
 address = {Dordrecht Boston Norwell, MA, U.S.A},
 isbn = {9781556080104},
 note = "Details at \url{http://www.encyclopediaofmath.org/index.php/Kolmogorov-Smirnov_test}"
}

@inproceedings{DissingMifare,
 author = {Garcia, Flavio D. and Koning Gans, Gerhard and Muijrers, Ruben and Rossum, Peter and Verdult, Roel and Schreur, Ronny Wichers and Jacobs, Bart},
 title = {Dismantling MIFARE Classic},
 booktitle = {Proceedings of the 13th European Symposium on Research in Computer Security: Computer Security},
 series = {ESORICS '08},
 year = {2008},
 isbn = {978-3-540-88312-8},
 location = {M\&\#225;laga, Spain},
 pages = {97--114},
 numpages = {18},
 url = {http://dx.doi.org/10.1007/978-3-540-88313-5_7},
 doi = {10.1007/978-3-540-88313-5_7},
 acmid = {1462465},
 publisher = {Springer-Verlag},
 address = {Berlin, Heidelberg},
}

@article{TestU01,
 author = {L'Ecuyer, Pierre and Simard, Richard},
 title = {TestU01: A C Library for Empirical Testing of Random Number Generators},
 journal = {ACM Trans. Math. Softw.},
 issue_date = {August 2007},
 volume = {33},
 number = {4},
 month = aug,
 year = {2007},
 issn = {0098-3500},
 articleno = {22},
 url = {http://doi.acm.org/10.1145/1268776.1268777},
 doi = {10.1145/1268776.1268777},
 acmid = {1268777},
 publisher = {ACM},
 address = {New York, NY, USA},
 keywords = {Statistical software, random number generators, random number tests, statistical test},
 note = {Повече информация можете да намерите на страницата на TestU01 \url{http://www.iro.umontreal.ca/~simardr/testu01/tu01.html}}
} 

@article{Pearson1900,
  added-at = {2009-05-09T18:54:01.000+0200},
  author = {Pearson, Karl},
  biburl = {http://www.bibsonomy.org/bibtex/2c44f54bacee63cb0da6f5e59432f9e3d/maverick},
  description = {test normality},
  interhash = {8f40a01a4f8f939a13ef243d4c0d135a},
  intrahash = {c44f54bacee63cb0da6f5e59432f9e3d},
  journal = {Philosophical Magazine},
  keywords = {gof},
  pages = {157--175},
  timestamp = {2009-05-09T18:54:01.000+0200},
  title = {On the Criterion that a given System of Deviations from the Probable
            in the Case of a Correlated System of Variables is such that can be 
            reasonably supposed to have arisen from Random Sampling},
  url = {http://www.economics.soton.ac.uk/staff/aldrich/New%20Folder/kpreader1.htm},
  volume = 50,
  year = 1900
}

@article{BlumBlumShub,
 author = {Blum, L and Blum, M and Shub, M},
 title = {A Simple Unpredictable Pseudo Random Number Generator},
 journal = {SIAM J. Comput.},
 issue_date = {May 1986},
 volume = {15},
 number = {2},
 month = may,
 year = {1986},
 issn = {0097-5397},
 pages = {364--383},
 numpages = {20},
 url = {http://dx.doi.org/10.1137/0215025},
 doi = {10.1137/0215025},
 acmid = {14090},
 publisher = {Society for Industrial and Applied Mathematics},
 address = {Philadelphia, PA, USA},
} 

@article{UpsDowns,
    author = {Levene, H and Wolfowitz, J},
    title = {The covariance matrix of runs up and down},
    journal = {The Annals of Mathematical Statistics},
    volume = {15},
    number = {1},
    month = march,
    year = {1944},
    pages = {58--69}
}
